{"nmc_usd":[{"type":"ask","price":0.184,"amount":0.08547026,"tid":200007959,"timestamp":1706644545},{"type":"ask","price":0.189,"amount":0.56919354,"tid":200007958,"timestamp":1706644545},{"type":"ask","price":0.194,"amount":0.04832499,"tid":200007957,"timestamp":1706485538},{"type":"ask","price":0.194,"amount":0.52004676,"tid":200007956,"timestamp":1706485401},{"type":"ask","price":0.199,"amount":0.5685539,"tid":200007955,"timestamp":1706485399},{"type":"ask","price":0.203,"amount":0.47108482,"tid":200007954,"timestamp":1706485399},{"type":"ask","price":0.203,"amount":0.07571823,"tid":200007953,"timestamp":1706485349},{"type":"ask","price":0.208,"amount":0.51830418,"tid":200007952,"timestamp":1706485349},{"type":"ask","price":0.213,"amount":0.50012793,"tid":200007951,"timestamp":1706485349},{"type":"ask","price":0.218,"amount":0.49350834,"tid":200007950,"timestamp":1706485349},{"type":"ask","price":0.223,"amount":0.45804757,"tid":200007949,"timestamp":1706485349},{"type":"ask","price":0.228,"amount":0.47108482,"tid":200007948,"timestamp":1706485349},{"type":"bid","price":0.24,"amount":0.0243833,"tid":200007947,"timestamp":1706485340},{"type":"bid","price":0.235,"amount":0.45888442,"tid":200007946,"timestamp":1706485340},{"type":"bid","price":0.23,"amount":0.02357666,"tid":200007945,"timestamp":1706485340},{"type":"bid","price":0.23,"amount":0.44588697,"tid":200007944,"timestamp":1706485332},{"type":"bid","price":0.225,"amount":0.48007123,"tid":200007943,"timestamp":1706485332},{"type":"bid","price":0.22,"amount":0.4861555,"tid":200007942,"timestamp":1706485332},{"type":"bid","price":0.215,"amount":0.50343889,"tid":200007941,"timestamp":1706485331},{"type":"bid","price":0.21,"amount":0.53069487,"tid":200007940,"timestamp":1706485331},{"type":"bid","price":0.205,"amount":0.55412542,"tid":200007939,"timestamp":1706485331},{"type":"bid","price":0.2,"amount":0.5535303,"tid":200007938,"timestamp":1706485331},{"type":"ask","price":0.194,"amount":0.5535303,"tid":200007937,"timestamp":1706485315},{"type":"ask","price":0.199,"amount":0.55412542,"tid":200007936,"timestamp":1706485315},{"type":"ask","price":0.203,"amount":0.53069487,"tid":200007935,"timestamp":1706485315},{"type":"ask","price":0.208,"amount":0.50343889,"tid":200007934,"timestamp":1706485315},{"type":"ask","price":0.213,"amount":0.00558248,"tid":200007933,"timestamp":1706485315},{"type":"ask","price":0.213,"amount":0.4861555,"tid":200007932,"timestamp":1706485301},{"type":"ask","price":0.218,"amount":0.48007123,"tid":200007931,"timestamp":1706485301},{"type":"ask","price":0.223,"amount":0.46946363,"tid":200007930,"timestamp":1706485301},{"type":"ask","price":0.228,"amount":0.45888442,"tid":200007929,"timestamp":1706485301},{"type":"ask","price":0.233,"amount":0.44935772,"tid":200007928,"timestamp":1706485301},{"type":"ask","price":0.237,"amount":0.44171059,"tid":200007927,"timestamp":1706485300},{"type":"bid","price":0.24697805,"amount":4.09195659,"tid":200007926,"timestamp":1706485293},{"type":"bid","price":0.245,"amount":0.429,"tid":200007925,"timestamp":1706485293},{"type":"bid","price":0.24,"amount":0.438,"tid":200007924,"timestamp":1706485293},{"type":"bid","price":0.235,"amount":0.447,"tid":200007923,"timestamp":1706485293},{"type":"bid","price":0.23,"amount":0.457,"tid":200007922,"timestamp":1706485293},{"type":"bid","price":0.225,"amount":0.467,"tid":200007921,"timestamp":1706485293},{"type":"bid","price":0.22,"amount":0.478,"tid":200007920,"timestamp":1706485293},{"type":"bid","price":0.215,"amount":0.489,"tid":200007919,"timestamp":1706485293},{"type":"bid","price":0.21,"amount":0.51506123,"tid":200007918,"timestamp":1706485293},{"type":"bid","price":0.21,"amount":0.00011189,"tid":200007917,"timestamp":1706485293},{"type":"bid","price":0.205,"amount":0.54006311,"tid":200007916,"timestamp":1706485293},{"type":"bid","price":0.2,"amount":0.53907644,"tid":200007915,"timestamp":1706485293},{"type":"bid","price":0.195,"amount":0.55389105,"tid":200007914,"timestamp":1706485293},{"type":"bid","price":0.19,"amount":0.58495472,"tid":200007913,"timestamp":1706485293},{"type":"bid","price":0.185,"amount":0.6220153,"tid":200007912,"timestamp":1706485293},{"type":"bid","price":0.18,"amount":0.08566182,"tid":200007911,"timestamp":1706485292},{"type":"bid","price":0.175,"amount":0.64213122,"tid":200007910,"timestamp":1706485292},{"type":"ask","price":0.169,"amount":0.64213122,"tid":200007909,"timestamp":1706164749},{"type":"bid","price":0.18,"amount":0.55556111,"tid":200007908,"timestamp":1706164741},{"type":"ask","price":0.174,"amount":0.64122293,"tid":200007907,"timestamp":1705952238},{"type":"ask","price":0.179,"amount":0.6220153,"tid":200007906,"timestamp":1705952238},{"type":"ask","price":0.184,"amount":0.58495472,"tid":200007905,"timestamp":1705952238},{"type":"bid","price":0.19,"amount":3.12198022,"tid":200007904,"timestamp":1705439244},{"type":"bid","price":0.19,"amount":0.56875298,"tid":200007903,"timestamp":1705439244},{"type":"bid","price":0.185,"amount":0.60425407,"tid":200007902,"timestamp":1705399523},{"type":"bid","price":0.18,"amount":0.62233321,"tid":200007901,"timestamp":1705399523},{"type":"bid","price":0.175,"amount":0.64151159,"tid":200007900,"timestamp":1705399523},{"type":"bid","price":0.17,"amount":0.00066874,"tid":200007899,"timestamp":1705399523},{"type":"bid","price":0.17,"amount":0.66599789,"tid":200007898,"timestamp":1705398992},{"type":"bid","price":0.17,"amount":0.00207197,"tid":200007897,"timestamp":1705398992},{"type":"bid","price":0.17,"amount":0.6862993,"tid":200007896,"timestamp":1705382489},{"type":"bid","price":0.165,"amount":0.0013819,"tid":200007895,"timestamp":1705382489},{"type":"bid","price":0.165,"amount":0.69175478,"tid":200007894,"timestamp":1705380945},{"type":"bid","price":0.16,"amount":0.00068876,"tid":200007893,"timestamp":1705380945},{"type":"bid","price":0.16,"amount":0.68806917,"tid":200007892,"timestamp":1705380883},{"type":"ask","price":0.15,"amount":0.03906218,"tid":200007891,"timestamp":1705380740},{"type":"ask","price":0.15000001,"amount":0.66666663,"tid":200007890,"timestamp":1705380739},{"type":"ask","price":0.155,"amount":0.37011139,"tid":200007889,"timestamp":1705380739},{"type":"ask","price":0.16,"amount":0.69313668,"tid":200007888,"timestamp":1705380739},{"type":"ask","price":0.165,"amount":0.68837127,"tid":200007887,"timestamp":1705380739},{"type":"ask","price":0.169,"amount":0.64151159,"tid":200007886,"timestamp":1705380739},{"type":"ask","price":0.174,"amount":0.62233321,"tid":200007885,"timestamp":1705380739},{"type":"ask","price":0.179,"amount":0.60425407,"tid":200007884,"timestamp":1705380739},{"type":"ask","price":0.184,"amount":0.56875298,"tid":200007883,"timestamp":1705380739},{"type":"ask","price":0.189,"amount":0.55389105,"tid":200007882,"timestamp":1705099878},{"type":"ask","price":0.194,"amount":0.53907644,"tid":200007881,"timestamp":1705099878},{"type":"ask","price":0.199,"amount":0.54006311,"tid":200007880,"timestamp":1705099878},{"type":"ask","price":0.203,"amount":0.51506123,"tid":200007879,"timestamp":1705099878},{"type":"bid","price":0.21,"amount":0.49988811,"tid":200007878,"timestamp":1704950213},{"type":"bid","price":0.20999999,"amount":0.49999996,"tid":200007877,"timestamp":1704950212},{"type":"bid","price":0.205,"amount":0.52635761,"tid":200007876,"timestamp":1704950210},{"type":"ask","price":0.199,"amount":0.52635763,"tid":200007875,"timestamp":1704797486},{"type":"bid","price":0.205,"amount":0.513,"tid":200007874,"timestamp":1704399239},{"type":"bid","price":0.20300405,"amount":7.91667,"tid":200007873,"timestamp":1704399239},{"type":"bid","price":0.201999,"amount":3.99,"tid":200007872,"timestamp":1704399238},{"type":"bid","price":0.2,"amount":0.525,"tid":200007871,"timestamp":1704399238},{"type":"bid","price":0.195,"amount":0.539,"tid":200007870,"timestamp":1704399238},{"type":"bid","price":0.19,"amount":0.553,"tid":200007869,"timestamp":1704399238},{"type":"bid","price":0.185,"amount":0.09012899,"tid":200007868,"timestamp":1704399238},{"type":"bid","price":0.185,"amount":0.49687101,"tid":200007867,"timestamp":1703676503},{"type":"bid","price":0.18,"amount":0.10939995,"tid":200007866,"timestamp":1703676503},{"type":"bid","price":0.18,"amount":0.49460005,"tid":200007865,"timestamp":1703513206},{"type":"bid","price":0.175,"amount":0.1755098,"tid":200007864,"timestamp":1703513206},{"type":"bid","price":0.175,"amount":0.4464902,"tid":200007863,"timestamp":1702640219},{"type":"bid","price":0.17,"amount":0.67080296,"tid":200007862,"timestamp":1702640219},{"type":"bid","price":0.1621502,"amount":0.25992764,"tid":200007861,"timestamp":1702640219},{"type":"ask","price":0.165,"amount":0.67080296,"tid":200007860,"timestamp":1702563104},{"type":"bid","price":0.17269688,"amount":3.12965019,"tid":200007859,"timestamp":1701829396},{"type":"bid","price":0.17269688,"amount":6.27633981,"tid":200007858,"timestamp":1701829391},{"type":"bid","price":0.1726968,"amount":1.2964307,"tid":200007857,"timestamp":1701829391},{"type":"bid","price":0.1726968,"amount":3.93658237,"tid":200007856,"timestamp":1701825606},{"type":"bid","price":0.17,"amount":0.65368298,"tid":200007855,"timestamp":1701825606},{"type":"bid","price":0.165,"amount":0.67482649,"tid":200007854,"timestamp":1701825604},{"type":"bid","price":0.165,"amount":0.34631697,"tid":200007853,"timestamp":1701825604},{"type":"ask","price":0.155,"amount":0.31864654,"tid":200007852,"timestamp":1701635235},{"type":"ask","price":0.16,"amount":0.6748265,"tid":200007851,"timestamp":1701635235},{"type":"ask","price":0.165,"amount":0.65368303,"tid":200007850,"timestamp":1700843789},{"type":"bid","price":0.17269679,"amount":1.15228343,"tid":200007849,"timestamp":1700575052},{"type":"bid","price":0.17,"amount":0.637,"tid":200007848,"timestamp":1700575052},{"type":"bid","price":0.165,"amount":0.657,"tid":200007847,"timestamp":1700575052},{"type":"bid","price":0.16,"amount":0.00809139,"tid":200007846,"timestamp":1700575052},{"type":"bid","price":0.16,"amount":0.66990861,"tid":200007845,"timestamp":1699542611},{"type":"bid","price":0.155,"amount":0.69999999,"tid":200007844,"timestamp":1699542610},{"type":"bid","price":0.15,"amount":0.22002995,"tid":200007843,"timestamp":1699542610},{"type":"bid","price":0.15,"amount":0.50497005,"tid":200007842,"timestamp":1698102398},{"type":"bid","price":0.145,"amount":0.75,"tid":200007841,"timestamp":1698102398},{"type":"bid","price":0.14,"amount":0.778,"tid":200007840,"timestamp":1696883237},{"type":"ask","price":0.135,"amount":5.92592592,"tid":200007839,"timestamp":1695899863},{"type":"ask","price":0.135,"amount":0.778,"tid":200007838,"timestamp":1695899863},{"type":"ask","price":0.14,"amount":0.75,"tid":200007837,"timestamp":1695398911},{"type":"ask","price":0.145,"amount":3.52153576,"tid":200007836,"timestamp":1695398911},{"type":"ask","price":0.145,"amount":2.09950875,"tid":200007835,"timestamp":1695398891},{"type":"ask","price":0.145,"amount":1.16068917,"tid":200007834,"timestamp":1695328598},{"type":"ask","price":0.145,"amount":0.11481804,"tid":200007833,"timestamp":1695283029},{"type":"ask","price":0.145,"amount":0.725,"tid":200007832,"timestamp":1695283029},{"type":"bid","price":0.1450857,"amount":1.0063107,"tid":200007831,"timestamp":1695202010},{"type":"ask","price":0.15,"amount":0.4955703,"tid":200007830,"timestamp":1695201998},{"type":"ask","price":0.15,"amount":0.2044297,"tid":200007829,"timestamp":1695201937},{"type":"ask","price":0.155,"amount":0.678,"tid":200007828,"timestamp":1695201937},{"type":"ask","price":0.16,"amount":0.657,"tid":200007827,"timestamp":1695201937},{"type":"ask","price":0.165,"amount":0.637,"tid":200007826,"timestamp":1695201937},{"type":"ask","price":0.169,"amount":0.622,"tid":200007825,"timestamp":1695201937},{"type":"bid","price":0.17269687,"amount":0.587,"tid":200007824,"timestamp":1695161908},{"type":"bid","price":0.17269687,"amount":0.604,"tid":200007823,"timestamp":1695161875},{"type":"bid","price":0.17269687,"amount":5.02769351,"tid":200007822,"timestamp":1695157439},{"type":"ask","price":0.11900013,"amount":11,"tid":200007821,"timestamp":1695106935},{"type":"ask","price":0.11900013,"amount":24.62139529,"tid":200007820,"timestamp":1693859803},{"type":"ask","price":0.11900014,"amount":0.84033515,"tid":200007819,"timestamp":1693859803},{"type":"ask","price":0.12,"amount":1,"tid":200007818,"timestamp":1693859803},{"type":"ask","price":0.12750014,"amount":47.32240408,"tid":200007817,"timestamp":1693859802},{"type":"ask","price":0.12750014,"amount":2.92469901,"tid":200007816,"timestamp":1693418399},{"type":"ask","price":0.12750015,"amount":0.0600205,"tid":200007815,"timestamp":1693418399},{"type":"ask","price":0.12750015,"amount":7.78310748,"tid":200007814,"timestamp":1692631760},{"type":"bid","price":0.152496,"amount":0.7495585,"tid":200007813,"timestamp":1692257479},{"type":"bid","price":0.20919991,"amount":2.17643986,"tid":200007812,"timestamp":1691375678},{"type":"bid","price":0.20919991,"amount":0.21551851,"tid":200007811,"timestamp":1691375678},{"type":"bid","price":0.20919991,"amount":2.26523753,"tid":200007810,"timestamp":1691277281},{"type":"bid","price":0.2081275,"amount":1,"tid":200007809,"timestamp":1691277281},{"type":"bid","price":0.20919991,"amount":0.99036638,"tid":200007808,"timestamp":1690459696},{"type":"bid","price":0.20919991,"amount":1.05022758,"tid":200007807,"timestamp":1690459676},{"type":"bid","price":0.20919991,"amount":1.55206,"tid":200007806,"timestamp":1689498752},{"type":"ask","price":0.12750014,"amount":649.75289691,"tid":200007805,"timestamp":1689354107},{"type":"ask","price":0.12750015,"amount":1.5686256,"tid":200007804,"timestamp":1689354097},{"type":"ask","price":0.13600015,"amount":50.8231956,"tid":200007803,"timestamp":1689354092},{"type":"bid","price":0.1776908,"amount":8.1262,"tid":200007802,"timestamp":1689348713},{"type":"bid","price":0.15492142,"amount":9.56718,"tid":200007801,"timestamp":1689348713},{"type":"bid","price":0.15492141,"amount":5.70221366,"tid":200007800,"timestamp":1689348713},{"type":"bid","price":0.15,"amount":2.85428465,"tid":200007799,"timestamp":1689348713},{"type":"bid","price":0.14999999,"amount":1.33333342,"tid":200007798,"timestamp":1689348712},{"type":"bid","price":0.14999999,"amount":2.0170576,"tid":200007797,"timestamp":1689348712},{"type":"ask","price":0.13600015,"amount":0.79065506,"tid":200007796,"timestamp":1688027045},{"type":"bid","price":0.15492141,"amount":3.86518557,"tid":200007795,"timestamp":1687607888},{"type":"ask","price":0.13600015,"amount":1,"tid":200007794,"timestamp":1686928299},{"type":"ask","price":0.13600015,"amount":0.95646807,"tid":200007793,"timestamp":1686919830},{"type":"ask","price":0.13600015,"amount":0.79936829,"tid":200007792,"timestamp":1686573586},{"type":"ask","price":0.13600015,"amount":5.92698534,"tid":200007791,"timestamp":1686379650},{"type":"ask","price":0.13600015,"amount":13.99558665,"tid":200007790,"timestamp":1685066881},{"type":"ask","price":0.13600015,"amount":114.30057776,"tid":200007789,"timestamp":1685033175},{"type":"ask","price":0.13600015,"amount":9.55587919,"tid":200007788,"timestamp":1683920331},{"type":"ask","price":0.13600015,"amount":4.36259392,"tid":200007787,"timestamp":1683834046},{"type":"ask","price":0.13600015,"amount":7.87001358,"tid":200007786,"timestamp":1683826879},{"type":"ask","price":0.13600015,"amount":5.00982392,"tid":200007785,"timestamp":1683521948},{"type":"bid","price":0.15372466,"amount":9.56718,"tid":200007784,"timestamp":1682679072},{"type":"ask","price":0.13600015,"amount":1.9978608,"tid":200007783,"timestamp":1682114196},{"type":"ask","price":0.13600015,"amount":4.69192317,"tid":200007782,"timestamp":1682114061},{"type":"ask","price":0.13600015,"amount":1.996008,"tid":200007781,"timestamp":1681946778},{"type":"bid","price":0.14160196,"amount":1.5759933,"tid":200007780,"timestamp":1679659316},{"type":"bid","price":0.14160196,"amount":3.03554498,"tid":200007779,"timestamp":1679475759},{"type":"ask","price":0.13600015,"amount":69.09784017,"tid":200007778,"timestamp":1679182116},{"type":"ask","price":0.13600015,"amount":102.1687629,"tid":200007777,"timestamp":1679182083},{"type":"ask","price":0.13600015,"amount":51.08438144,"tid":200007776,"timestamp":1679182083},{"type":"ask","price":0.13600015,"amount":6.76965309,"tid":200007775,"timestamp":1678910013},{"type":"ask","price":0.13600015,"amount":0.74433287,"tid":200007774,"timestamp":1678895642},{"type":"ask","price":0.13600015,"amount":62,"tid":200007773,"timestamp":1678470404},{"type":"ask","price":0.13600015,"amount":0.9734,"tid":200007772,"timestamp":1678391084},{"type":"ask","price":0.13600015,"amount":17.29923629,"tid":200007771,"timestamp":1678382021},{"type":"ask","price":0.13600015,"amount":2.1751074,"tid":200007770,"timestamp":1678369488},{"type":"ask","price":0.13600015,"amount":3.98582725,"tid":200007769,"timestamp":1678369480},{"type":"ask","price":0.13600015,"amount":4.08718146,"tid":200007768,"timestamp":1678369467},{"type":"ask","price":0.13600015,"amount":3.8696406,"tid":200007767,"timestamp":1678369448},{"type":"ask","price":0.13600015,"amount":17.29923629,"tid":200007766,"timestamp":1678369312},{"type":"ask","price":0.13600015,"amount":18.71639719,"tid":200007765,"timestamp":1678357387},{"type":"ask","price":0.13600017,"amount":8.36289732,"tid":200007764,"timestamp":1678357387},{"type":"ask","price":0.13600015,"amount":15.6520637,"tid":200007763,"timestamp":1677639041},{"type":"ask","price":0.138888,"amount":12.06996138,"tid":200007762,"timestamp":1677639024},{"type":"ask","price":0.138888,"amount":7.93003862,"tid":200007761,"timestamp":1677639022},{"type":"ask","price":0.13888801,"amount":0.72000456,"tid":200007760,"timestamp":1677639022}]}